@article{muggleton00,
  author  = "Muggleton, SH and Bryant, CH",
  title   = "Theory completion using {I}nverse {E}ntailment",
  year    = "2000",
  journal = "Inductive Logic Programming. Lecture Notes in Computer Science",
  volume  = "1866",
  pages   = "130-146"
}